@Article{calculateur1,
author = {Olivier POSTEL-VINAY},
title = {L'univers est-il calculateur ? Les nouveaux démiurges},
journal = {La Recherche},
year = {2003},
month = {janvier},
volume = {\no360},
pages = {p. 34-37}
}

@Article{calculateur2,
author = {Mélanie MITCHELL},
title = {L'univers est-il calculateur ? Quelques raisons de douter},
journal = {La Recherche},
year = {2003},
month = {janvier},
volume = {\no360},
pages = {p. 38-43}
}

@Misc{interstices,
author = {Marianne DELORME et Jacques MAZOYER},
journal = {Interstices},
title = {La riche zoologie des automates cellulaires (consulté le 21/05/2022)},
note = {https://interstices.info/la-riche-zoologie-des-automates-cellulaires/},
year = {2007}
}


@Article{lois_phys,
author = {Michel BITBOL},
title = {Émergence, la théorie qui bouscule la physique - Les lois physiques existent-elles ?},
journal = {La Recherche},
year = {2007},
month = {février},
volume = {\no405},
pages = {p. 31-36}
}

@Article{auto_cell,
author = {Nazim FATÈS et Irène MARCOVICI},
title = {Automates cellulaires : la complexité dans les règles de l'art},
journal = {La Recherche},
year = {2018},
month = {juillet-aout},
volume = {\no538},
pages = {p. 67-70}
}


@Article{monde_quantique,
author = {Pablo ARRIGHI et Jonathan GRATTAGE},
title = {Le monde est un ordinateur quantique},
journal = {La Recherche},
year = {2012},
month = {septembre},
volume = {\no467},
pages = {p. 72-75}
}

@Article{royaume_jeu_de_la_vie,
author = {Jean-Paul DELAHAYE},
title = {Le royaume du Jeu de la vie},
journal = {Pour la Science},
year = {2009},
month = {avril},
volume = {\no378},
pages = {p. 86-91}
}

@Misc{resurrection,
title = {La résurrection du jeu de la vie},
note = {https://www.drgoulu.com/2009/03/29/la-resurrection-du-jeu-de-la-vie/\#.YcSnHWjMKUk}
}

@Misc{golly,
title = {Programme golly},
note = {http://golly.sourceforge.net/ (consulté le 21/05/2022)}
}
